@book{cover,
 author = {Cover, Thomas M. and Thomas, Joy A.},
 title = {Elements of information theory},
 year = {1991},
 isbn = {0-471-06259-6},
 publisher = {Wiley-Interscience},
 address = {New York, NY, USA},
}

@article{kkz,
author={Katsavounidis, I. and Jay Kuo, C.-C. and Zhen Zhang},
journal={Signal Processing Letters, IEEE},
title={A new initialization technique for generalized Lloyd iteration},
year={1994},
volume={1},
number={10},
pages={144-146},
keywords={convergence of numerical methods;image coding;iterative methods;pattern recognition;vector quantisation;VQ;average distortion function;codebook;convergence;feature clustering;generalized Lloyd algorithm;generalized Lloyd iteration;image sequences;initialization technique;local minimum;pattern recognition;vector quantizers;Acceleration;Algorithm design and analysis;Convergence;Distortion measurement;Image coding;Iterative algorithms;Partitioning algorithms;Pattern recognition;Product codes;Signal processing algorithms},
doi={10.1109/97.329844},
ISSN={1070-9908},
}

@ARTICLE{fastnn,
author={Katsavounidis, I. and Kuo, C.-C.J. and Zhen Zhang},
journal={Image Processing, IEEE Transactions on},
title={Fast tree-structured nearest neighbor encoding for vector quantization},
year={1996},
volume={5},
number={2},
pages={398-404},
keywords={computational complexity;tree searching;vector quantisation;algorithms;binary tree;codebook size;complexity reduction;fast tree-structured nearest neighbor encoding;full-search method;numerical experiments;performance;unstructured codebook;vector dimension;vector quantization;Annealing;Binary trees;Degradation;Encoding;Entropy;Image coding;Nearest neighbor searches;Neural networks;Testing;Vector quantization},
doi={10.1109/83.480778},
ISSN={1057-7149},
}

@article{shannon,
 author = {Shannon, C. E.},
 title = {A mathematical theory of communication},
 journal = {SIGMOBILE Mob. Comput. Commun. Rev.},
 issue_date = {January 2001},
 volume = {5},
 number = {1},
 month = jan,
 year = {2001},
 issn = {1559-1662},
 pages = {3--55},
 numpages = {53},
 url = {http://doi.acm.org/10.1145/584091.584093},
 doi = {10.1145/584091.584093},
 acmid = {584093},
 publisher = {ACM},
 address = {New York, NY, USA},
}

@misc{wiki:yuv,
   author = "Wikipedia",
   title = "YUV",
   url = "\url{http://en.wikipedia.org/wiki/YUV}"
}

@misc{wiki:codecs,
   author = "Wikipedia",
   title = "Data compression",
   url = "\url{http://en.wikipedia.org/wiki/Data_Compression#Video}"
}

@misc{misc:mbpart,
   author = "Mrutyunjaya Hiremath",
   title = "Macroblock partition mode",
   url = "\url{http://mrutyunjayahiremath.blogspot.gr/2010/09/h264-inter-predn.html}"
}

@INPROCEEDINGS{intrapred,
author={Adibelli, Y. and Parlak, M. and Hamzaoglu, I.},
booktitle={Digital System Design: Architectures, Methods and Tools (DSD), 2010 13th Euromicro Conference on},
title={A Computation and Power Reduction Technique for H.264 Intra Prediction},
year={2010},
pages={753-760},
keywords={computational complexity;hardware description languages;power aware computing;prediction theory;FPGA;H.264;Verilog HDL;Xilinx Virtex;Xilinx XPower;computational complexity;intra prediction algorithm;power reduction technique;prediction equation;Computer architecture;Equations;Hardware;Mathematical model;Pixel;Power demand;Prediction algorithms;Computation Reduction;FPGA;H. 264;Hardware Implementation;Intra Prediction;Low Power},
doi={10.1109/DSD.2010.115},}

@misc{misc:gop,
       author = "VSR Group of Chemnitz University of Technology ",
   title = "H.264 Video Codec - Inter Prediction",
   url = "\url{http://vsr.informatik.tu-chemnitz.de/~jan/MPEG/HTML/mpeg_tech.html}"
}

@misc{misc:zigzag,
   author = "multimedia.cx",
   title = "Zig Zag Scan",
   url = "\url{http://wiki.multimedia.cx/index.php?title=Image:Ea_tgq_zigzag.png}"
}

@misc{wiki:jpeg,
   author = "Wikipedia",
   title = "JPEG",
   url = "\url{https://en.wikipedia.org/wiki/JPEG}"
}

@misc{misc:structure,
   author = "Yang Song",
   title = "H.264 encoder structure",
   url = "\url{http://www2.engr.arizona.edu/~yangsong/h264.htm}"
}

@misc{misc:huffman,
   author = "Louis Scharf",
   title = "Binary Codes: Huffman Codes for Source Coding",
   url = "\url{http://cnx.org/content/m21404/latest/}"
}

@misc{wiki:arcod,
   author = "Wikipedia",
   title = "Arithmetic coding",
   url = "\url{http://en.wikipedia.org/wiki/Arithmetic_coding}"
}


@misc{misc:kmeans,
   author = "Mathworks",
   title = "Kmeans",
   url = "\url{http://www.mathworks.com/help/stats/kmeans.html}"
}

@misc{misc:jm,
   author = "iphome",
   title = "JM H.264",
   url = "\url{http://iphome.hhi.de/suehring/tml/}"
}

@misc{misc:testvid,
   author = "Hannover University",
   title = "Test videos",
   url = "\url{ftp://ftp.tnt.uni-hannover.de/testsequences}"
}

@book{gersho,
 author = {Gersho, Allen and Gray, Robert M.},
 title = {Vector quantization and signal compression},
 year = {1991},
 isbn = {0-7923-9181-0},
 publisher = {Kluwer Academic Publishers},
 address = {Norwell, MA, USA},
}
